@misc{nielsen1994,
	author = {Nielsen, Jakob},
	title = {10 Heuristics for User Interface Design: Article by Jakob Nielsen},
	year = {1994},
	month = apr,
	url = {https://www.nngroup.com/articles/ten-usability-heuristics/},
	note = {Recuperado 8 enero, 2020},
}

@book{dennis2015,
	title = {System Analysis and Design},
	edition = {5th ed},
	publisher = {John Wiley \& Sons, Inc.},
	year = {2015},
	author = {Alan Dennis and Barbara Haley Wixom and Roberta M. Roth},
	url = {http://www.wiley.com/college/dennis},
	note = {Indiana University, University of Virginia, University of Northern Iowa}
}

@book{gregory2023,
	title = {Holistic Testing: Weave Quality Into Your Product},
	author = {Janet Gregory and Lisa Crispin},
	year = {2023},
	publisher = {Agile Testing Fellowship},
	url = {https://agiletestingfellow.com},
	note = {Copyright 2023, Janet Gregory and Lisa Crispin}
}